<?xml version="1.0" encoding="UTF-8" ?>
<collection xmlns:xsi="http://www.w3.org/2001/XMLSchema-instance" xsi:schemaLocation="http://www.loc.gov/MARC21/slim http://www.loc.gov/standards/marcxml/schema/MARC21slim.xsd" xmlns="http://www.loc.gov/MARC21/slim">
   <record>
      <leader>     cam a22      a 4500</leader>
      <controlfield tag="001">1919046</controlfield>
      <controlfield tag="003">COO</controlfield>
      <controlfield tag="005">20130330172250.0</controlfield>
      <controlfield tag="008">910521q18871988ua            000 0 ara d</controlfield>
      <datafield tag="035" ind1=" " ind2=" ">
         <subfield code="a">(NIC)notisAJY2278</subfield>
      </datafield>
      <datafield tag="035" ind1=" " ind2=" ">
         <subfield code="a">(OCoLC)64024665</subfield>
      </datafield>
      <datafield tag="035" ind1=" " ind2=" ">
         <subfield code="a">1919046</subfield>
      </datafield>
      <datafield tag="040" ind1=" " ind2=" ">
         <subfield code="a">NIC</subfield>
         <subfield code="c">NIC</subfield>
      </datafield>
      <datafield tag="100" ind1="1" ind2=" ">
         <subfield code="a">Dasūqī, Muḥammad ibn Aḥmad ibn ʻArafah,</subfield>
         <subfield code="d">-1815.</subfield>
      </datafield>
      <datafield tag="245" ind1="1" ind2="0">
         <subfield code="a">Ḥāshiyat al-ʻallāmah al-muḥaqqiq al-fahhāmah al-shaykh Muhammad ʻArafah al-Dasūqī ʻalá matn Mughnī al-labīb li-al-Imām al-qudwah Ibn Hishām al-Anṣārī ... (wa-bi-hāmishihi Mughnī al-labīb al-madhkūr).</subfield>
      </datafield>
      <datafield tag="260" ind1=" " ind2=" ">
         <subfield code="a">[Cairo] :</subfield>
         <subfield code="b">al-Maṭbaʻah al-Maymanīyah,</subfield>
         <subfield code="c">1305 [i.e. 1887 or 8]</subfield>
      </datafield>
      <datafield tag="300" ind1=" " ind2=" ">
         <subfield code="a">2 v. ;</subfield>
         <subfield code="c">28 cm.</subfield>
      </datafield>
      <datafield tag="600" ind1="1" ind2="0">
         <subfield code="a">Ibn Hishām, ʻAbd Allāh ibn Yūsuf,</subfield>
         <subfield code="d">1309-1360.</subfield>
         <subfield code="t">Mughnī al-labīb ʻan kutub al-aʻārīb.</subfield>
      </datafield>
      <datafield tag="650" ind1=" " ind2="0">
         <subfield code="a">Arabic language</subfield>
         <subfield code="x">Grammar.</subfield>
      </datafield>
      <datafield tag="700" ind1="1" ind2=" ">
         <subfield code="a">Ibn Hishām, ʻAbd Allāh ibn Yūsuf,</subfield>
         <subfield code="d">1309-1360.</subfield>
         <subfield code="t">Mughnī al-labīb ʻan kutub al-aʻārīb.</subfield>
      </datafield>
      <datafield tag="903" ind1=" " ind2=" ">
         <subfield code="a">Google</subfield>
         <subfield code="d">20120911</subfield>
         <subfield code="p">31924074417019</subfield>
         <subfield code="v">juz 1</subfield>
      </datafield>
      <datafield tag="903" ind1=" " ind2=" ">
         <subfield code="a">Google</subfield>
         <subfield code="d">20120911</subfield>
         <subfield code="p">31924074417027</subfield>
         <subfield code="v">juz 2</subfield>
      </datafield>
      <datafield tag="903" ind1=" " ind2=" ">
         <subfield code="a">Google</subfield>
         <subfield code="d">20120911</subfield>
         <subfield code="p">31924074417019</subfield>
         <subfield code="v">juz 1 </subfield>
      </datafield>
      <datafield tag="903" ind1=" " ind2=" ">
         <subfield code="a">Google</subfield>
         <subfield code="d">20120911</subfield>
         <subfield code="p">31924074417027</subfield>
         <subfield code="v">juz 2 </subfield>
      </datafield>
      <datafield tag="905" ind1=" " ind2=" ">
         <subfield code="a">19950601120000.0</subfield>
      </datafield>
      <datafield tag="948" ind1="2" ind2=" ">
         <subfield code="a">20100407</subfield>
         <subfield code="b">m</subfield>
         <subfield code="d">batch</subfield>
         <subfield code="e">lts</subfield>
         <subfield code="x">del9XXtxt</subfield>
      </datafield>
      <datafield tag="952" ind1=" " ind2=" ">
         <subfield code="b">olin</subfield>
         <subfield code="h">PJ6101</subfield>
         <subfield code="i">.D23</subfield>
      </datafield>
      <datafield tag="952" ind1=" " ind2=" ">
         <subfield code="b">olin</subfield>
         <subfield code="h">PJ6101</subfield>
         <subfield code="i">.D23 1887a</subfield>
      </datafield>
      <datafield tag="995" ind1=" " ind2=" ">
         <subfield code="a">Hivolm</subfield>
         <subfield code="d">20100407</subfield>
      </datafield>
      <datafield tag="903" ind1=" " ind2=" ">
         <subfield code="a">NYUACO</subfield>
         <subfield code="d">20131119</subfield>
         <subfield code="p">31924074417019</subfield>
      </datafield>
      <datafield tag="950" ind1=" " ind2=" ">
         <subfield code="a">Oversize</subfield>
         <subfield code="b">PJ6101 .D23 1887a +</subfield>
         <subfield code="v">juz 1 </subfield>
      </datafield>
      <datafield tag="903" ind1=" " ind2=" ">
         <subfield code="a">NYUACO</subfield>
         <subfield code="d">20131119</subfield>
         <subfield code="p">31924074417027</subfield>
      </datafield>
      <datafield tag="950" ind1=" " ind2=" ">
         <subfield code="a">Oversize</subfield>
         <subfield code="b">PJ6101 .D23 1887a +</subfield>
         <subfield code="v">juz 2 </subfield>
      </datafield>
   </record>
</collection>
